<?xml version="1.0" encoding="UTF-8"?><collection xmlns="http://www.loc.gov/MARC21/slim"><record><leader>00379nam--2200133-i-4500</leader><controlfield tag="001">000041473</controlfield><controlfield tag="002">20161230</controlfield><controlfield tag="005">20161230201043</controlfield><controlfield tag="008">060222s1000------------r-----000-0-eng-d</controlfield><datafield ind1=" " ind2=" " tag="100"><subfield code="a">Shileiko,A.V</subfield></datafield><datafield ind1=" " ind2=" " tag="245"><subfield code="a">Digital differential analysis</subfield></datafield><datafield ind1=" " ind2=" " tag="260"><subfield code="a">Oxford, Pergamon Press, 1964. Vi + 111 P</subfield></datafield><datafield ind1=" " ind2=" " tag="490"><subfield code="a">Int.Series Of Monographs On Electronics And Instrumentation</subfield></datafield><datafield ind1=" " ind2=" " tag="852"><subfield code="a">21853</subfield></datafield></record></collection>